
@article{becquerelBeta,
author ={Becquerel, H.},
journal = {Compt. Rend.},
year = 1896,
}


@article{becquerelElec,
author = {Becquerel, H.},
title = {Deviation du rayonnement du radium dans un champ electrique},
journal = {Comptes rendus de l'Acadamie des sciences},
year = 1900,
}

@article{chadwickBeta,
author = {Chadwick, J.},
journal = {Verh. Dtsch. Phys. Ges},
year = 1914,
}

@article{thompson,
author = {Thompson, J.J. },
journal = {Philosophical Magazine},
year = 1897,
volume = 44,
page = 293,
}

@article{rutherfordNeutron,
     jstor_articletype = {research-article},
     title = {Bakerian Lecture. Nuclear Constitution of Atoms},
     author = {Rutherford, E.},
     journal = {Proceedings of the Royal Society of London. Series A, Containing Papers of a Mathematical and Physical Character},
     jstor_issuetitle = {},
     volume = {97},
     number = {686},
     jstor_formatteddate = {Jul. 1, 1920},
     pages = {pp. 374-400},
     url = {http://www.jstor.org/stable/93888},
     ISSN = {09501207},
     abstract = {},
     language = {English},
     year = {1920},
     publisher = {The Royal Society},
     copyright = {Copyright © 1920 The Royal Society},
    }
    
    @ARTICLE{chadwickNeutron,
   author = {{Chadwick}, J.},
    title = "{The Existence of a Neutron}",
  journal = {Royal Society of London Proceedings Series A},
     year = 1932,
    month = jun,
   volume = 136,
    pages = {692-708},
      doi = {10.1098/rspa.1932.0112},
   adsurl = {http://adsabs.harvard.edu/abs/1932RSPSA.136..692C},
  adsnote = {Provided by the SAO/NASA Astrophysics Data System}
}

@article{pauliNeuProp,
author = {Pauli, W.},
journal = {Pauli Letter Collection, CERN},
year = 1930,
}

@ARTICLE{fermiNeuName,
   author = {{Fermi}, E.},
    title = "{Versuch einer Theorie der {$\beta$}-Strahlen. I}",
  journal = {Zeitschrift fur Physik},
     year = 1934,
    month = mar,
   volume = 88,
    pages = {161-177},
      doi = {10.1007/BF01351864},
   adsurl = {http://adsabs.harvard.edu/abs/1934ZPhy...88..161F},
  adsnote = {Provided by the SAO/NASA Astrophysics Data System}
}


@article{cowan,
     jstor_articletype = {research-article},
     title = {Detection of the Free Neutrino: A Confirmation},
     author = {Jr., C. L. Cowan and Reines, F. and Harrison, F. B. and Kruse, H. W. and McGuire, A. D.},
     journal = {Science},
     jstor_issuetitle = {},
     volume = {124},
     number = {3212},
     series = {New Series},
     jstor_formatteddate = {Jul. 20, 1956},
     pages = {pp. 103-104},
     url = {http://www.jstor.org/stable/1751492},
     ISSN = {00368075},
     abstract = {},
     language = {English},
     year = {1956},
     publisher = {American Association for the Advancement of Science},
     copyright = {Copyright © 1956 American Association for the Advancement of Science},
    }

@article{cowanNature,
     title = {The Neutrino},
     author = {Jr., C. L. Cowan and Reines, F. },
     journal = {Nature},
     jstor_issuetitle = {},
     volume = {178},
     year  = 1956,
     pages = {pp. 446-449},
    }

@article{numuDiscovery,
  title = {Observation of High-Energy Neutrino Reactions and the Existence of Two Kinds of Neutrinos},
  author = {Danby, G. and Gaillard, J-M. and Goulianos, K. and Lederman, L. M. and Mistry, N. and Schwartz, M. and Steinberger, J.},
  journal = {Phys. Rev. Lett.},
  volume = {9},
  issue = {1},
  pages = {36--44},
  year = {1962},
  month = {Jul},
  doi = {10.1103/PhysRevLett.9.36},
  url = {http://link.aps.org/doi/10.1103/PhysRevLett.9.36},
  publisher = {American Physical Society}
}

@article{aleph,
title = {Determination of the Number of Light Neutrino Species},
journal = {Physics Letters B},
volume = "231",
number = "4",
pages = "519 - 529",
year = "1989",
note = "",
issn = "0370-2693",
doi = "10.1016/0370-2693(89)90704-1",
url = "http://www.sciencedirect.com/science/article/pii/0370269389907041",
author = "D. DeCamp  et. al. (ALEPH Collaboration)",
}

@article{zBoson,
title = "Experimental observation of lepton pairs of invariant mass around 95 GeV/c2 at the CERN SPS collider",
journal = "Physics Letters B",
volume = "126",
number = "5",
pages = "398 - 410",
year = "1983",
note = "",
issn = "0370-2693",
doi = "10.1016/0370-2693(83)90188-0",
url = "http://www.sciencedirect.com/science/article/pii/0370269383901880",
author = "G. Arnison et. al. (UA1 Collaboration)"
}

@article{wBoson,
title = "Experimental observation of isolated large transverse energy electrons with associated missing energy at s=540 GeV",
journal = "Physics Letters B",
volume = "122",
number = "1",
pages = "103 - 116",
year = "1983",
note = "",
issn = "0370-2693",
doi = "10.1016/0370-2693(83)91177-2",
url = "http://www.sciencedirect.com/science/article/pii/0370269383911772",
author = "G. Arnison et. al. (UA1 Collaboration)"
}

@article{nuTau,
title = "Observation of tau neutrino interactions",
journal = "Physics Letters B",
volume = "504",
number = "3",
pages = "218 - 224",
year = "2001",
note = "",
issn = "0370-2693",
doi = "10.1016/S0370-2693(01)00307-0",
url = "http://www.sciencedirect.com/science/article/pii/S0370269301003070",
author = "K. Kodama et. al. (DONUT Collaboration)",
}

@article{davis,
  title = {Search for Neutrinos from the Sun},
  author = {Davis, R. and Harmer, D. and Hoffman, K. },
  journal = {Phys. Rev. Lett.},
  volume = {20},
  issue = {21},
  pages = {1205--1209},
  year = {1968},
  month = {May},
  doi = {10.1103/PhysRevLett.20.1205},
  url = {http://link.aps.org/doi/10.1103/PhysRevLett.20.1205},
  publisher = {American Physical Society}
}

@article{bahcall,
  title = {Solar Neutrino Cross Sections and Nuclear Beta Decay},
  author = {Bahcall, John N.},
  journal = {Phys. Rev.},
  volume = {135},
  issue = {1B},
  pages = {B137--B146},
  year = {1964},
  month = {Jul},
  doi = {10.1103/PhysRev.135.B137},
  url = {http://link.aps.org/doi/10.1103/PhysRev.135.B137},
  publisher = {American Physical Society}
}

@article{kamiokande,
title = "Kamiokande and Super-Kamiokande",
journal = "Progress in Particle and Nuclear Physics",
volume = "40",
number = "0",
pages = "427 - 441",
year = "1998",
issn = "0146-6410",
doi = "10.1016/S0146-6410(98)00002-7",
url = "http://www.sciencedirect.com/science/article/pii/S0146641098000027",
author = "Y. Suzuki"
}

@article{sno,
title = "First neutrino observations from the Sudbury Neutrino Observatory",
journal = "Nuclear Physics B - Proceedings Supplements",
volume = "91",
number = "1â€“3",
pages = "21 - 28",
year = "2001",
issn = "0920-5632",
doi = "10.1016/S0920-5632(00)00918-X",
url = "http://www.sciencedirect.com/science/article/pii/S092056320000918X",
author = "A. B. McDonald et. al.  (SNO Collaboration)",
}

@article{pontecorvo,
title = "Mesonium and Antimesonium",
journal = "Zhur. Eksptl'. i Teoret. Fiz.",
year = "1957",
author = "B. Pontecorvo",
}

@article{tdr,
title = "NO$\nu$A Technical Design Report",
url = "http://www.sciencedirect.com/science/article/pii/0370269383911772",
author = "J. Cooper et. al. (The NO$\nu$A Collaboration)"
}

@article{dayaBay,
  title = {Observation of Electron-Antineutrino Disappearance at Daya Bay},
  author = {F. P. An  et. al. (The Daya Bay Collaboration)},
  journal = {Phys. Rev. Lett.},
  volume = {108},
  issue = {17},
  pages = {171803},
  numpages = {7},
  year = {2012},
  month = {Apr},
  doi = {10.1103/PhysRevLett.108.171803},
  url = {http://link.aps.org/doi/10.1103/PhysRevLett.108.171803},
  publisher = {American Physical Society}
}

@article{minos,
  title = {Observation of Muon Neutrino Disappearance with the MINOS Detectors in the NuMI Neutrino Beam},
  author = {P. Adamson et. al. (The MINOS Collaboration)},
  collaboration = {MINOS Collaboration},
  journal = {Phys. Rev. Lett.},
  volume = {97},
  issue = {19},
  pages = {191801},
  numpages = {6},
  year = {2006},
  month = {Nov},
  doi = {10.1103/PhysRevLett.97.191801},
  url = {http://link.aps.org/doi/10.1103/PhysRevLett.97.191801},
  publisher = {American Physical Society}
}

@article{reno,
  title = {Observation of Reactor Electron Antineutrinos Disappearance in the RENO Experiment},
  author = { J. K. Ahn et. al. (The RENO Collaboration)},
  collaboration = {RENO Collaboration},
  journal = {Phys. Rev. Lett.},
  volume = {108},
  issue = {19},
  pages = {191802},
  numpages = {6},
  year = {2012},
  month = {May},
  doi = {10.1103/PhysRevLett.108.191802},
  url = {http://link.aps.org/doi/10.1103/PhysRevLett.108.191802},
  publisher = {American Physical Society}
}

@article{kamland,
  title = {First Results from KamLAND: Evidence for Reactor Antineutrino Disappearance},
  author = {K. Eguchi et. al. (The KamLAND Collaboration)},
  journal = {Phys. Rev. Lett.},
  volume = {90},
  issue = {2},
  pages = {021802},
  numpages = {6},
  year = {2003},
  month = {Jan},
  doi = {10.1103/PhysRevLett.90.021802},
  url = {http://link.aps.org/doi/10.1103/PhysRevLett.90.021802},
  publisher = {American Physical Society}
}

@article{superK,
  title = {Measurement of atmospheric neutrino oscillation parameters by Super-Kamiokande I},
  author = {Y. Ashie et. al.  (The Super-Kamiokande Collaboration)},
  collaboration = {Super-Kamiokande Collaboration},
  journal = {Phys. Rev. D},
  volume = {71},
  issue = {11},
  pages = {112005},
  numpages = {35},
  year = {2005},
  month = {Jun},
  doi = {10.1103/PhysRevD.71.112005},
  url = {http://link.aps.org/doi/10.1103/PhysRevD.71.112005},
  publisher = {American Physical Society}
}

@article{pdg,
  title = {Review of Particle Properties},
  author = {K. Hagiwara et. al. (Particle Data Group)},
  collaboration = {Particle Data Group},
  journal = {Phys. Rev. D},
  volume = {66},
  issue = {1},
  pages = {010001},
  numpages = {974},
  year = {2002},
  month = {Jul},
  doi = {10.1103/PhysRevD.66.010001},
  url = {http://link.aps.org/doi/10.1103/PhysRevD.66.010001},
  publisher = {American Physical Society}
}

@article{minos13,
  title = {New constraints on muon-neutrino to electron-neutrino transitions in MINOS},
  author = {P. Adamson et. al. (The MINOS Collaboration)},
  collaboration = {The MINOS Collaboration},
  journal = {Phys. Rev. D},
  volume = {82},
  issue = {5},
  pages = {051102},
  numpages = {6},
  year = {2010},
  month = {Sep},
  doi = {10.1103/PhysRevD.82.051102},
  url = {http://link.aps.org/doi/10.1103/PhysRevD.82.051102},
  publisher = {American Physical Society}
}


@article{fluka,
  title = {FLUKA: present status and future developments},
  author = {Fasso`, A. Ferrari, J. Ranft, P.R. Sala},
  journal = {Proc. IV Int. Conf. on Calorimetry in High Energy Physics},
  month = {Sep},
  year = {1993},
  pages = {493-502},
  numpages ={9},
  issue = {1}
}


@article{genie, 
   author = "Andreopoulos, C. and others", 
   title = "{The GENIE Neutrino Monte Carlo Generator}", 
   journal = "Nucl. Instrum. Meth.", 
   volume = "A614", 
   year = "2010", 
   pages = "87-104", 
   eprint = "0905.2517", 
   archivePrefix = "arXiv", 
   primaryClass = "hep-ph", 
   doi = "10.1016/j.nima.2009.12.009", 
   SLACcitation = "%%CITATION = 0905.2517;%%" 
} 
@article{geant,
title = "Geant4—a simulation toolkit ",
journal = "Nuclear Instruments and Methods in Physics Research Section A: Accelerators, Spectrometers, Detectors and Associated Equipment ",
volume = "506",
number = "3",
pages = "250 - 303",
year = "2003",
note = "",
issn = "0168-9002",
doi = "http://dx.doi.org/10.1016/S0168-9002(03)01368-8",
url = "http://www.sciencedirect.com/science/article/pii/S0168900203013688",
author = "S. Agostinelli and J. Allison and K. Amako and J. Apostolakis and H. Araujo and P. Arce and M. Asai and D. Axen and S. Banerjee and G. Barrand and F. Behner and L. Bellagamba and J. Boudreau and L. Broglia and A. Brunengo and H. Burkhardt and S. Chauvie and J. Chuma and R. Chytracek and G. Cooperman and G. Cosmo and P. Degtyarenko and A. Dell'Acqua and G. Depaola and D. Dietrich and R. Enami and A. Feliciello and C. Ferguson and H. Fesefeldt and G. Folger and F. Foppiano and A. Forti and S. Garelli and S. Giani and R. Giannitrapani and D. Gibin and J.J. Gómez Cadenas and I. González and G. Gracia Abril and G. Greeniaus and W. Greiner and V. Grichine and A. Grossheim and S. Guatelli and P. Gumplinger and R. Hamatsu and K. Hashimoto and H. Hasui and A. Heikkinen and A. Howard and V. Ivanchenko and A. Johnson and F.W. Jones and J. Kallenbach and N. Kanaya and M. Kawabata and Y. Kawabata and M. Kawaguti and S. Kelner and P. Kent and A. Kimura and T. Kodama and R. Kokoulin and M. Kossov and H. Kurashige and E. Lamanna and T. Lampén and V. Lara and V. Lefebure and F. Lei and M. Liendl and W. Lockman and F. Longo and S. Magni and M. Maire and E. Medernach and K. Minamimoto and P. Mora de Freitas and Y. Morita and K. Murakami and M. Nagamatu and R. Nartallo and P. Nieminen and T. Nishimura and K. Ohtsubo and M. Okamura and S. O'Neale and Y. Oohata and K. Paech and J. Perl and A. Pfeiffer and M.G. Pia and F. Ranjard and A. Rybin and S. Sadilov and E. Di Salvo and G. Santin and T. Sasaki and N. Savvas and Y. Sawada and S. Scherer and S. Sei and V. Sirotenko and D. Smith and N. Starkov and H. Stoecker and J. Sulkimo and M. Takahata and S. Tanaka and E. Tcherniaev and E. Safai Tehrani and M. Tropeano and P. Truscott and H. Uno and L. Urban and P. Urban and M. Verderi and A. Walkden and W. Wander and H. Weber and J.P. Wellisch and T. Wenaus and D.C. Williams and D. Wright and T. Yamada and H. Yoshida and D. Zschiesche",
keywords = "Simulation",
keywords = "Particle interactions",
keywords = "Geometrical modelling",
keywords = "Software engineering",
keywords = "Object-oriented technology",
keywords = "Distributed software development ",
abstract = "Geant4 is a toolkit for simulating the passage of particles through matter. It includes a complete range of functionality including tracking, geometry, physics models and hits. The physics processes offered cover a comprehensive range, including electromagnetic, hadronic and optical processes, a large set of long-lived particles, materials and elements, over a wide energy range starting, in some cases, from 250 eV and extending in others to the TeV energy range. It has been designed and constructed to expose the physics models utilised, to handle complex geometries, and to enable its easy adaptation for optimal use in different sets of applications. The toolkit is the result of a worldwide collaboration of physicists and software engineers. It has been created exploiting software engineering and object-oriented technology and implemented in the C++ programming language. It has been used in applications in particle physics, nuclear physics, accelerator design, space engineering and medical physics. "
}

@article{bodekritchie,
  title = {Further studies of Fermi-motion effects in lepton scattering from nuclear targets},
  author = {Bodek, A. and Ritchie, J. L.},
  journal = {Phys. Rev. D},
  volume = {24},
  issue = {5},
  pages = {1400--1402},
  numpages = {0},
  year = {1981},
  month = {Sep},
  publisher = {American Physical Society},
  doi = {10.1103/PhysRevD.24.1400},
  url = {http://link.aps.org/doi/10.1103/PhysRevD.24.1400}
}




\bibitem{geant} S.\ Agostinelli {\em et al.},\ Nucl.\ Instrum.\ Meth.\ A {\bf 506}, 250 (2003).


}